@article{szegedy2013intriguing,
  title={Intriguing properties of neural networks},
  author={Szegedy, Christian and Zaremba, Wojciech and Sutskever, Ilya and Bruna, Joan and Erhan, Dumitru and Goodfellow, Ian and Fergus, Rob},
  journal={arXiv preprint arXiv:1312.6199},
  year={2013}
}

@article{papernot2016transferability,
  title={Transferability in machine learning: from phenomena to black-box attacks using adversarial samples},
  author={Papernot, Nicolas and McDaniel, Patrick and Goodfellow, Ian},
  journal={arXiv preprint arXiv:1605.07277},
  year={2016}
}

@inproceedings{krizhevsky2012imagenet,
  title={Imagenet classification with deep convolutional neural networks},
  author={Krizhevsky, Alex and Sutskever, Ilya and Hinton, Geoffrey E},
  booktitle={Advances in neural information processing systems},
  pages={1097--1105},
  year={2012}
}

@article{goodfellow2014explaining,
  title={Explaining and harnessing adversarial examples},
  author={Goodfellow, Ian J and Shlens, Jonathon and Szegedy, Christian},
  journal={arXiv preprint arXiv:1412.6572},
  year={2014}
}

@inproceedings{paszke2019pytorch,
  title={PyTorch: An imperative style, high-performance deep learning library},
  author={Paszke, Adam and Gross, Sam and Massa, Francisco and Lerer, Adam and Bradbury, James and Chanan, Gregory and Killeen, Trevor and Lin, Zeming and Gimelshein, Natalia and Antiga, Luca and others},
  booktitle={Advances in Neural Information Processing Systems},
  pages={8024--8035},
  year={2019}
}


@inproceedings{moosavi2017universal,
  title={Universal adversarial perturbations},
  author={Moosavi-Dezfooli, Seyed-Mohsen and Fawzi, Alhussein and Fawzi, Omar and Frossard, Pascal},
  booktitle={Proceedings of the IEEE conference on computer vision and pattern recognition},
  pages={1765--1773},
  year={2017}
}

@inproceedings{eykholt2018robust,
  title={Robust physical-world attacks on deep learning visual classification},
  author={Eykholt, Kevin and Evtimov, Ivan and Fernandes, Earlence and Li, Bo and Rahmati, Amir and Xiao, Chaowei and Prakash, Atul and Kohno, Tadayoshi and Song, Dawn},
  booktitle={Proceedings of the IEEE Conference on Computer Vision and Pattern Recognition},
  pages={1625--1634},
  year={2018}
}

@inproceedings{abadi2016tensorflow,
  title={Tensorflow: A system for large-scale machine learning},
  author={Abadi, Mart{\'\i}n and Barham, Paul and Chen, Jianmin and Chen, Zhifeng and Davis, Andy and Dean, Jeffrey and Devin, Matthieu and Ghemawat, Sanjay and Irving, Geoffrey and Isard, Michael and others},
  booktitle={12th $\{$USENIX$\}$ Symposium on Operating Systems Design and Implementation ($\{$OSDI$\}$ 16)},
  pages={265--283},
  year={2016}
}

@article{yuan2019adversarial,
  title={Adversarial examples: Attacks and defenses for deep learning},
  author={Yuan, Xiaoyong and He, Pan and Zhu, Qile and Li, Xiaolin},
  journal={IEEE transactions on neural networks and learning systems},
  year={2019},
  publisher={IEEE}
}

@article{wiyatno2019adversarial,
  title={Adversarial Examples in Modern Machine Learning: A Review},
  author={Wiyatno, Rey Reza and Xu, Anqi and Dia, Ousmane and de Berker, Archy},
  journal={arXiv preprint arXiv:1911.05268},
  year={2019}
}

@inproceedings{tsuzuku2019structural,
  title={On the Structural Sensitivity of Deep Convolutional Networks to the Directions of Fourier Basis Functions},
  author={Tsuzuku, Yusuke and Sato, Issei},
  booktitle={Proceedings of the IEEE Conference on Computer Vision and Pattern Recognition},
  pages={51--60},
  year={2019}
}

@inproceedings{szegedy2015going,
  title={Going deeper with convolutions},
  author={Szegedy, Christian and Liu, Wei and Jia, Yangqing and Sermanet, Pierre and Reed, Scott and Anguelov, Dragomir and Erhan, Dumitru and Vanhoucke, Vincent and Rabinovich, Andrew},
  booktitle={Proceedings of the IEEE conference on computer vision and pattern recognition},
  pages={1--9},
  year={2015}
}

@article{tramer2017ensemble,
  title={Ensemble adversarial training: Attacks and defenses},
  author={Tram{\`e}r, Florian and Kurakin, Alexey and Papernot, Nicolas and Goodfellow, Ian and Boneh, Dan and McDaniel, Patrick},
  journal={arXiv preprint arXiv:1705.07204},
  year={2017}
}

@article{madry2017towards,
  title={Towards deep learning models resistant to adversarial attacks},
  author={Madry, Aleksander and Makelov, Aleksandar and Schmidt, Ludwig and Tsipras, Dimitris and Vladu, Adrian},
  journal={arXiv preprint arXiv:1706.06083},
  year={2017}
}

@inproceedings{dong2018boosting,
  title={Boosting adversarial attacks with momentum},
  author={Dong, Yinpeng and Liao, Fangzhou and Pang, Tianyu and Su, Hang and Zhu, Jun and Hu, Xiaolin and Li, Jianguo},
  booktitle={Proceedings of the IEEE conference on computer vision and pattern recognition},
  pages={9185--9193},
  year={2018}
}

@article{eykholt2017note,
  title={Note on attacking object detectors with adversarial stickers},
  author={Eykholt, Kevin and Evtimov, Ivan and Fernandes, Earlence and Li, Bo and Song, Dawn and Kohno, Tadayoshi and Rahmati, Amir and Prakash, Atul and Tramer, Florian},
  journal={arXiv preprint arXiv:1712.08062},
  year={2017}
}

@inproceedings{elsayed2018adversarial,
  title={Adversarial examples that fool both computer vision and time-limited humans},
  author={Elsayed, Gamaleldin and Shankar, Shreya and Cheung, Brian and Papernot, Nicolas and Kurakin, Alexey and Goodfellow, Ian and Sohl-Dickstein, Jascha},
  booktitle={Advances in Neural Information Processing Systems},
  pages={3910--3920},
  year={2018}
}

@inproceedings{ilyas2019adversarial,
  title={Adversarial examples are not bugs, they are features},
  author={Ilyas, Andrew and Santurkar, Shibani and Tsipras, Dimitris and Engstrom, Logan and Tran, Brandon and Madry, Aleksander},
  booktitle={Advances in Neural Information Processing Systems},
  pages={125--136},
  year={2019}
}

@inproceedings{werpachowski2019detecting,
  title={Detecting overfitting via adversarial examples},
  author={Werpachowski, Roman and Gy{\"o}rgy, Andr{\'a}s and Szepesv{\'a}ri, Csaba},
  booktitle={Advances in Neural Information Processing Systems},
  pages={7856--7866},
  year={2019}
}

@article{xie2019adversarial,
  title={Adversarial Examples Improve Image Recognition},
  author={Xie, Cihang and Tan, Mingxing and Gong, Boqing and Wang, Jiang and Yuille, Alan and Le, Quoc V},
  journal={arXiv preprint arXiv:1911.09665},
  year={2019}
}

@article{yakura2019generate,
  title={Generate (non-software) Bugs to Fool Classifiers},
  author={Yakura, Hiromu and Akimoto, Youhei and Sakuma, Jun},
  journal={arXiv preprint arXiv:1911.08644},
  year={2019}
}

@inproceedings{he2016deep,
  title={Deep residual learning for image recognition},
  author={He, Kaiming and Zhang, Xiangyu and Ren, Shaoqing and Sun, Jian},
  booktitle={Proceedings of the IEEE conference on computer vision and pattern recognition},
  pages={770--778},
  year={2016}
}

@inproceedings{moosavi2017universal,
  title={Universal adversarial perturbations},
  author={Moosavi-Dezfooli, Seyed-Mohsen and Fawzi, Alhussein and Fawzi, Omar and Frossard, Pascal},
  booktitle={Proceedings of the IEEE conference on computer vision and pattern recognition},
  pages={1765--1773},
  year={2017}
}

@article{russakovsky2015imagenet,
  title={Imagenet large scale visual recognition challenge},
  author={Russakovsky, Olga and Deng, Jia and Su, Hao and Krause, Jonathan and Satheesh, Sanjeev and Ma, Sean and Huang, Zhiheng and Karpathy, Andrej and Khosla, Aditya and Bernstein, Michael and others},
  journal={International journal of computer vision},
  volume={115},
  number={3},
  pages={211--252},
  year={2015},
  publisher={Springer}
}

@inproceedings{moosavi2016deepfool,
  title={Deepfool: a simple and accurate method to fool deep neural networks},
  author={Moosavi-Dezfooli, Seyed-Mohsen and Fawzi, Alhussein and Frossard, Pascal},
  booktitle={Proceedings of the IEEE conference on computer vision and pattern recognition},
  pages={2574--2582},
  year={2016}
}

@inproceedings{jia2014caffe,
  title={Caffe: Convolutional architecture for fast feature embedding},
  author={Jia, Yangqing and Shelhamer, Evan and Donahue, Jeff and Karayev, Sergey and Long, Jonathan and Girshick, Ross and Guadarrama, Sergio and Darrell, Trevor},
  booktitle={Proceedings of the 22nd ACM international conference on Multimedia},
  pages={675--678},
  year={2014}
}

@article{chatfield2014return,
  title={Return of the devil in the details: Delving deep into convolutional nets},
  author={Chatfield, Ken and Simonyan, Karen and Vedaldi, Andrea and Zisserman, Andrew},
  journal={arXiv preprint arXiv:1405.3531},
  year={2014}
}

@article{simonyan2014very,
  title={Very deep convolutional networks for large-scale image recognition},
  author={Simonyan, Karen and Zisserman, Andrew},
  journal={arXiv preprint arXiv:1409.1556},
  year={2014}
}

@inproceedings{szegedy2015going,
  title={Going deeper with convolutions},
  author={Szegedy, Christian and Liu, Wei and Jia, Yangqing and Sermanet, Pierre and Reed, Scott and Anguelov, Dragomir and Erhan, Dumitru and Vanhoucke, Vincent and Rabinovich, Andrew},
  booktitle={Proceedings of the IEEE conference on computer vision and pattern recognition},
  pages={1--9},
  year={2015}
}

@article{moosavi2017analysis,
  title={Analysis of universal adversarial perturbations},
  author={Moosavi-Dezfooli, Seyed-Mohsen and Fawzi, Alhussein and Fawzi, Omar and Frossard, Pascal and Soatto, Stefano},
  journal={arXiv preprint arXiv:1705.09554},
  year={2017}
}

@article{mopuri2017fast,
  title={Fast feature fool: A data independent approach to universal adversarial perturbations},
  author={Mopuri, Konda Reddy and Garg, Utsav and Babu, R Venkatesh},
  journal={arXiv preprint arXiv:1707.05572},
  year={2017}
}

@article{zhou2016places,
  title={Places: An image database for deep scene understanding},
  author={Zhou, Bolei and Khosla, Aditya and Lapedriza, Agata and Torralba, Antonio and Oliva, Aude},
  journal={arXiv preprint arXiv:1610.02055},
  year={2016}
}

@article{kurakin2016adversarial,
  title={Adversarial machine learning at scale},
  author={Kurakin, Alexey and Goodfellow, Ian and Bengio, Samy},
  journal={arXiv preprint arXiv:1611.01236},
  year={2016}
}

@inproceedings{papernot2016distillation,
  title={Distillation as a defense to adversarial perturbations against deep neural networks},
  author={Papernot, Nicolas and McDaniel, Patrick and Wu, Xi and Jha, Somesh and Swami, Ananthram},
  booktitle={2016 IEEE Symposium on Security and Privacy (SP)},
  pages={582--597},
  year={2016},
  organization={IEEE}
}

@article{metzen2017detecting,
  title={On detecting adversarial perturbations},
  author={Metzen, Jan Hendrik and Genewein, Tim and Fischer, Volker and Bischoff, Bastian},
  journal={arXiv preprint arXiv:1702.04267},
  year={2017}
}

@article{hinton2015distilling,
  title={Distilling the knowledge in a neural network},
  author={Hinton, Geoffrey and Vinyals, Oriol and Dean, Jeff},
  journal={arXiv preprint arXiv:1503.02531},
  year={2015}
}

@article{goodfellow2013maxout,
  title={Maxout networks},
  author={Goodfellow, Ian J and Warde-Farley, David and Mirza, Mehdi and Courville, Aaron and Bengio, Yoshua},
  journal={arXiv preprint arXiv:1302.4389},
  year={2013}
}

@inproceedings{papernot2016limitations,
  title={The limitations of deep learning in adversarial settings},
  author={Papernot, Nicolas and McDaniel, Patrick and Jha, Somesh and Fredrikson, Matt and Celik, Z Berkay and Swami, Ananthram},
  booktitle={2016 IEEE European symposium on security and privacy (EuroS\&P)},
  pages={372--387},
  year={2016},
  organization={IEEE}
}

@inproceedings{szegedy2016rethinking,
  title={Rethinking the inception architecture for computer vision},
  author={Szegedy, Christian and Vanhoucke, Vincent and Ioffe, Sergey and Shlens, Jon and Wojna, Zbigniew},
  booktitle={Proceedings of the IEEE conference on computer vision and pattern recognition},
  pages={2818--2826},
  year={2016}
}

@article{song2018improving,
  title={Improving the generalization of adversarial training with domain adaptation},
  author={Song, Chuanbiao and He, Kun and Wang, Liwei and Hopcroft, John E},
  journal={arXiv preprint arXiv:1810.00740},
  year={2018}
}

@article{clevert2015fast,
  title={Fast and accurate deep network learning by exponential linear units (elus)},
  author={Clevert, Djork-Arn{\'e} and Unterthiner, Thomas and Hochreiter, Sepp},
  journal={arXiv preprint arXiv:1511.07289},
  year={2015}
}

@inproceedings{wu2018group,
  title={Group normalization},
  author={Wu, Yuxin and He, Kaiming},
  booktitle={Proceedings of the European Conference on Computer Vision (ECCV)},
  pages={3--19},
  year={2018}
}

@article{su2019one,
  title={One pixel attack for fooling deep neural networks},
  author={Su, Jiawei and Vargas, Danilo Vasconcellos and Sakurai, Kouichi},
  journal={IEEE Transactions on Evolutionary Computation},
  volume={23},
  number={5},
  pages={828--841},
  year={2019},
  publisher={IEEE}
}

@article{zhao2017generating,
  title={Generating natural adversarial examples},
  author={Zhao, Zhengli and Dua, Dheeru and Singh, Sameer},
  journal={arXiv preprint arXiv:1710.11342},
  year={2017}
}

@article{liu2018beyond,
  title={Beyond pixel norm-balls: Parametric adversaries using an analytically differentiable renderer},
  author={Liu, Hsueh-Ti Derek and Tao, Michael and Li, Chun-Liang and Nowrouzezahrai, Derek and Jacobson, Alec},
  journal={arXiv preprint arXiv:1808.02651},
  year={2018}
}

@inproceedings{tsuzuku2019structural,
  title={On the structural sensitivity of deep convolutional networks to the directions of fourier basis functions},
  author={Tsuzuku, Yusuke and Sato, Issei},
  booktitle={Proceedings of the IEEE Conference on Computer Vision and Pattern Recognition},
  pages={51--60},
  year={2019}
}

@inproceedings{li2019adversarial,
  title={Adversarial camera stickers: A physical camera-based attack on deep learning systems},
  author={Li, Juncheng and Schmidt, Frank and Kolter, Zico},
  booktitle={International Conference on Machine Learning},
  pages={3896--3904},
  year={2019}
}

@inproceedings{xie2017adversarial,
  title={Adversarial examples for semantic segmentation and object detection},
  author={Xie, Cihang and Wang, Jianyu and Zhang, Zhishuai and Zhou, Yuyin and Xie, Lingxi and Yuille, Alan},
  booktitle={Proceedings of the IEEE International Conference on Computer Vision},
  pages={1369--1378},
  year={2017}
}

@article{sitawarin2018darts,
  title={Darts: Deceiving autonomous cars with toxic signs},
  author={Sitawarin, Chawin and Bhagoji, Arjun Nitin and Mosenia, Arsalan and Chiang, Mung and Mittal, Prateek},
  journal={arXiv preprint arXiv:1802.06430},
  year={2018}
}

@inproceedings{chen2018shapeshifter,
  title={Shapeshifter: Robust physical adversarial attack on faster r-cnn object detector},
  author={Chen, Shang-Tse and Cornelius, Cory and Martin, Jason and Chau, Duen Horng Polo},
  booktitle={Joint European Conference on Machine Learning and Knowledge Discovery in Databases},
  pages={52--68},
  year={2018},
  organization={Springer}
}

@article{eykholt2018physical,
  title={Physical adversarial examples for object detectors},
  author={Eykholt, Kevin and Evtimov, Ivan and Fernandes, Earlence and Li, Bo and Rahmati, Amir and Tramer, Florian and Prakash, Atul and Kohno, Tadayoshi and Song, Dawn},
  journal={arXiv preprint arXiv:1807.07769},
  year={2018}
}

@article{wang2019daedalus,
  title={Daedalus: Breaking non-maximum suppression in object detection via adversarial examples},
  author={Wang, Derui and Li, Chaoran and Wen, Sheng and Chang, Xiaojun and Nepal, Surya and Xiang, Yang},
  journal={arXiv},
  pages={arXiv--1902},
  year={2019}
}

@inproceedings{meng2017magnet,
  title={Magnet: a two-pronged defense against adversarial examples},
  author={Meng, Dongyu and Chen, Hao},
  booktitle={Proceedings of the 2017 ACM SIGSAC Conference on Computer and Communications Security},
  pages={135--147},
  year={2017}
}

@article{song2017pixeldefend,
  title={Pixeldefend: Leveraging generative models to understand and defend against adversarial examples},
  author={Song, Yang and Kim, Taesup and Nowozin, Sebastian and Ermon, Stefano and Kushman, Nate},
  journal={arXiv preprint arXiv:1710.10766},
  year={2017}
}

@article{xie2017mitigating,
  title={Mitigating adversarial effects through randomization},
  author={Xie, Cihang and Wang, Jianyu and Zhang, Zhishuai and Ren, Zhou and Yuille, Alan},
  journal={arXiv preprint arXiv:1711.01991},
  year={2017}
}

@inproceedings{liao2018defense,
  title={Defense against adversarial attacks using high-level representation guided denoiser},
  author={Liao, Fangzhou and Liang, Ming and Dong, Yinpeng and Pang, Tianyu and Hu, Xiaolin and Zhu, Jun},
  booktitle={Proceedings of the IEEE Conference on Computer Vision and Pattern Recognition},
  pages={1778--1787},
  year={2018}
}

@article{buckman2018thermometer,
  title={Thermometer encoding: One hot way to resist adversarial examples},
  author={Buckman, Jacob and Roy, Aurko and Raffel, Colin and Goodfellow, Ian},
  year={2018}
}

@article{dhillon2018stochastic,
  title={Stochastic activation pruning for robust adversarial defense},
  author={Dhillon, Guneet S and Azizzadenesheli, Kamyar and Lipton, Zachary C and Bernstein, Jeremy and Kossaifi, Jean and Khanna, Aran and Anandkumar, Anima},
  journal={arXiv preprint arXiv:1803.01442},
  year={2018}
}

@article{chen2015mxnet,
  title={Mxnet: A flexible and efficient machine learning library for heterogeneous distributed systems},
  author={Chen, Tianqi and Li, Mu and Li, Yutian and Lin, Min and Wang, Naiyan and Wang, Minjie and Xiao, Tianjun and Xu, Bing and Zhang, Chiyuan and Zhang, Zheng},
  journal={arXiv preprint arXiv:1512.01274},
  year={2015}
}

@article{kannan2018adversarial,
  title={Adversarial logit pairing},
  author={Kannan, Harini and Kurakin, Alexey and Goodfellow, Ian},
  journal={arXiv preprint arXiv:1803.06373},
  year={2018}
}

@article{samangouei2018defense,
  title={Defense-gan: Protecting classifiers against adversarial attacks using generative models},
  author={Samangouei, Pouya and Kabkab, Maya and Chellappa, Rama},
  journal={arXiv preprint arXiv:1805.06605},
  year={2018}
}

@inproceedings{xie2019feature,
  title={Feature denoising for improving adversarial robustness},
  author={Xie, Cihang and Wu, Yuxin and Maaten, Laurens van der and Yuille, Alan L and He, Kaiming},
  booktitle={Proceedings of the IEEE Conference on Computer Vision and Pattern Recognition},
  pages={501--509},
  year={2019}
}

@inproceedings{dubey2019defense,
  title={Defense against adversarial images using web-scale nearest-neighbor search},
  author={Dubey, Abhimanyu and Maaten, Laurens van der and Yalniz, Zeki and Li, Yixuan and Mahajan, Dhruv},
  booktitle={Proceedings of the IEEE Conference on Computer Vision and Pattern Recognition},
  pages={8767--8776},
  year={2019}
}

@article{yang2019me,
  title={ME-Net: Towards Effective Adversarial Robustness with Matrix Estimation},
  author={Yang, Yuzhe and Zhang, Guo and Katabi, Dina and Xu, Zhi},
  journal={arXiv preprint arXiv:1905.11971},
  year={2019}
}

@article{lin2013network,
  title={Network in network},
  author={Lin, Min and Chen, Qiang and Yan, Shuicheng},
  journal={arXiv preprint arXiv:1312.4400},
  year={2013}
}

@inproceedings{carlini2017towards,
  title={Towards evaluating the robustness of neural networks},
  author={Carlini, Nicholas and Wagner, David},
  booktitle={2017 ieee symposium on security and privacy (sp)},
  pages={39--57},
  year={2017},
  organization={IEEE}
}

@article{yu2015lsun,
  title={Lsun: Construction of a large-scale image dataset using deep learning with humans in the loop},
  author={Yu, Fisher and Seff, Ari and Zhang, Yinda and Song, Shuran and Funkhouser, Thomas and Xiao, Jianxiong},
  journal={arXiv preprint arXiv:1506.03365},
  year={2015}
}

@article{oord2016pixel,
  title={Pixel recurrent neural networks},
  author={Oord, Aaron van den and Kalchbrenner, Nal and Kavukcuoglu, Koray},
  journal={arXiv preprint arXiv:1601.06759},
  year={2016}
}

@article{salimans2017pixelcnn++,
  title={Pixelcnn++: Improving the pixelcnn with discretized logistic mixture likelihood and other modifications},
  author={Salimans, Tim and Karpathy, Andrej and Chen, Xi and Kingma, Diederik P},
  journal={arXiv preprint arXiv:1701.05517},
  year={2017}
}

@article{mustafa2019image,
  title={Image super-resolution as a defense against adversarial attacks},
  author={Mustafa, Aamir and Khan, Salman H and Hayat, Munawar and Shen, Jianbing and Shao, Ling},
  journal={IEEE Transactions on Image Processing},
  volume={29},
  pages={1711--1724},
  year={2019},
  publisher={IEEE}
}

@inproceedings{kato2018neural,
  title={Neural 3d mesh renderer},
  author={Kato, Hiroharu and Ushiku, Yoshitaka and Harada, Tatsuya},
  booktitle={Proceedings of the IEEE Conference on Computer Vision and Pattern Recognition},
  pages={3907--3916},
  year={2018}
}

@article{iandola2016squeezenet,
  title={SqueezeNet: AlexNet-level accuracy with 50x fewer parameters and< 0.5 MB model size},
  author={Iandola, Forrest N and Han, Song and Moskewicz, Matthew W and Ashraf, Khalid and Dally, William J and Keutzer, Kurt},
  journal={arXiv preprint arXiv:1602.07360},
  year={2016}
}

@inproceedings{huang2017densely,
  title={Densely connected convolutional networks},
  author={Huang, Gao and Liu, Zhuang and Van Der Maaten, Laurens and Weinberger, Kilian Q},
  booktitle={Proceedings of the IEEE conference on computer vision and pattern recognition},
  pages={4700--4708},
  year={2017}
}

@article{sedghi2018singular,
  title={The singular values of convolutional layers},
  author={Sedghi, Hanie and Gupta, Vineet and Long, Philip M},
  journal={arXiv preprint arXiv:1805.10408},
  year={2018}
}

@article{zagoruyko2016wide,
  title={Wide residual networks},
  author={Zagoruyko, Sergey and Komodakis, Nikos},
  journal={arXiv preprint arXiv:1605.07146},
  year={2016}
}

@inproceedings{ronneberger2015u,
  title={U-net: Convolutional networks for biomedical image segmentation},
  author={Ronneberger, Olaf and Fischer, Philipp and Brox, Thomas},
  booktitle={International Conference on Medical image computing and computer-assisted intervention},
  pages={234--241},
  year={2015},
  organization={Springer}
}

@article{feinman2017detecting,
  title={Detecting adversarial samples from artifacts},
  author={Feinman, Reuben and Curtin, Ryan R and Shintre, Saurabh and Gardner, Andrew B},
  journal={arXiv preprint arXiv:1703.00410},
  year={2017}
}

@inproceedings{ren2015faster,
  title={Faster r-cnn: Towards real-time object detection with region proposal networks},
  author={Ren, Shaoqing and He, Kaiming and Girshick, Ross and Sun, Jian},
  booktitle={Advances in neural information processing systems},
  pages={91--99},
  year={2015}
}

@inproceedings{long2015fully,
  title={Fully convolutional networks for semantic segmentation},
  author={Long, Jonathan and Shelhamer, Evan and Darrell, Trevor},
  booktitle={Proceedings of the IEEE conference on computer vision and pattern recognition},
  pages={3431--3440},
  year={2015}
}

@inproceedings{zeiler2014visualizing,
  title={Visualizing and understanding convolutional networks},
  author={Zeiler, Matthew D and Fergus, Rob},
  booktitle={European conference on computer vision},
  pages={818--833},
  year={2014},
  organization={Springer}
}

@article{lu2017no,
  title={No need to worry about adversarial examples in object detection in autonomous vehicles},
  author={Lu, Jiajun and Sibai, Hussein and Fabry, Evan and Forsyth, David},
  journal={arXiv preprint arXiv:1707.03501},
  year={2017}
}

@article{lecun1998gradient,
  title={Gradient-based learning applied to document recognition},
  author={LeCun, Yann and Bottou, L{\'e}on and Bengio, Yoshua and Haffner, Patrick},
  journal={Proceedings of the IEEE},
  volume={86},
  number={11},
  pages={2278--2324},
  year={1998},
  publisher={Ieee}
}

@article{arjovsky2017wasserstein,
  title={Wasserstein gan},
  author={Arjovsky, Martin and Chintala, Soumith and Bottou, L{\'e}on},
  journal={arXiv preprint arXiv:1701.07875},
  year={2017}
}

@inproceedings{dubey2019defense,
  title={Defense against adversarial images using web-scale nearest-neighbor search},
  author={Dubey, Abhimanyu and Maaten, Laurens van der and Yalniz, Zeki and Li, Yixuan and Mahajan, Dhruv},
  booktitle={Proceedings of the IEEE Conference on Computer Vision and Pattern Recognition},
  pages={8767--8776},
  year={2019}
}

@article{johnson2019billion,
  title={Billion-scale similarity search with GPUs},
  author={Johnson, Jeff and Douze, Matthijs and J{\'e}gou, Herv{\'e}},
  journal={IEEE Transactions on Big Data},
  year={2019},
  publisher={IEEE}
}

@article{tolias2015particular,
  title={Particular object retrieval with integral max-pooling of CNN activations},
  author={Tolias, Giorgos and Sicre, Ronan and J{\'e}gou, Herv{\'e}},
  journal={arXiv preprint arXiv:1511.05879},
  year={2015}
}

@article{kingma2014adam,
  title={Adam: A method for stochastic optimization},
  author={Kingma, Diederik P and Ba, Jimmy},
  journal={arXiv preprint arXiv:1412.6980},
  year={2014}
}

@inproceedings{sermanet2011traffic,
  title={Traffic sign recognition with multi-scale convolutional networks},
  author={Sermanet, Pierre and LeCun, Yann},
  booktitle={The 2011 International Joint Conference on Neural Networks},
  pages={2809--2813},
  year={2011},
  organization={IEEE}
}

@article{redmon2018yolov3,
  title={Yolov3: An incremental improvement},
  author={Redmon, Joseph and Farhadi, Ali},
  journal={arXiv preprint arXiv:1804.02767},
  year={2018}
}

@article{mogelmose2012vision,
  title={Vision-based traffic sign detection and analysis for intelligent driver assistance systems: Perspectives and survey},
  author={Mogelmose, Andreas and Trivedi, Mohan Manubhai and Moeslund, Thomas B},
  journal={IEEE Transactions on Intelligent Transportation Systems},
  volume={13},
  number={4},
  pages={1484--1497},
  year={2012},
  publisher={IEEE}
}

@article{stallkamp2012man,
  title={Man vs. computer: Benchmarking machine learning algorithms for traffic sign recognition},
  author={Stallkamp, Johannes and Schlipsing, Marc and Salmen, Jan and Igel, Christian},
  journal={Neural networks},
  volume={32},
  pages={323--332},
  year={2012},
  publisher={Elsevier}
}

@article{athalye2017synthesizing,
  title={Synthesizing robust adversarial examples},
  author={Athalye, Anish and Engstrom, Logan and Ilyas, Andrew and Kwok, Kevin},
  journal={arXiv preprint arXiv:1707.07397},
  year={2017}
}

@article{wang2004image,
  title={Image quality assessment: from error visibility to structural similarity},
  author={Wang, Zhou and Bovik, Alan C and Sheikh, Hamid R and Simoncelli, Eero P},
  journal={IEEE transactions on image processing},
  volume={13},
  number={4},
  pages={600--612},
  year={2004},
  publisher={IEEE}
}

@inproceedings{lin2014microsoft,
  title={Microsoft coco: Common objects in context},
  author={Lin, Tsung-Yi and Maire, Michael and Belongie, Serge and Hays, James and Perona, Pietro and Ramanan, Deva and Doll{\'a}r, Piotr and Zitnick, C Lawrence},
  booktitle={European conference on computer vision},
  pages={740--755},
  year={2014},
  organization={Springer}
}
